{
  "pnl": {
    "MXN": {
      "currency": "MXN",
      "data": {
        "Assets": {
          "2011-12-31": 9611.92,
          "2012-12-31": 14215.32,
          "2013-12-31": 14392.43,
          "2014-12-31": 12649.41,
          "2015-12-31": 12759.69,
          "2016-12-31": 11994.0,
          "2017-12-31": 11455.62,
          "2018-12-31": 19827.88,
          "2019-12-31": 18267.42
        },
        "Cash and Cash Equiv.": {
          "2011-12-31": 3164.4,
          "2012-12-31": 8174.59,
          "2013-12-31": 8528.63,
          "2014-12-31": 468.4,
          "2015-12-31": 511.8,
          "2016-12-31": 275.1,
          "2017-12-31": 974.65,
          "2018-12-31": 4385.22,
          "2019-12-31": 462.78
        },
        "EBIT": {
          "2011-12-31": 425.04,
          "2012-12-31": 2078.02,
          "2013-12-31": 4513.86,
          "2014-12-31": 3660.82,
          "2015-12-31": 2371.96,
          "2016-12-31": 1062.58,
          "2017-12-31": 1339.25,
          "2018-12-31": 3787.84,
          "2019-12-31": 4223.21
        },
        "EBITDA": {
          "2011-12-31": 882.99,
          "2012-12-31": 2399.9,
          "2013-12-31": 4852.92,
          "2014-12-31": 4171.33,
          "2015-12-31": 2771.2,
          "2016-12-31": 1580.6,
          "2017-12-31": 1815.23,
          "2018-12-31": 4302.3,
          "2019-12-31": 4832.44
        },
        "Gross Profit": {
          "2011-12-31": 12777.17,
          "2012-12-31": 16696.61,
          "2013-12-31": 20064.63,
          "2014-12-31": 21261.8,
          "2015-12-31": 20069.26,
          "2016-12-31": 23283.58,
          "2017-12-31": 5413.45,
          "2018-12-31": 26874.73,
          "2019-12-31": 28892.87
        },
        "Liabilities": {
          "2011-12-31": 4715.53,
          "2012-12-31": 8718.47,
          "2013-12-31": 7678.76,
          "2014-12-31": 4991.5,
          "2015-12-31": 5999.62,
          "2016-12-31": 5109.8,
          "2017-12-31": 4303.45,
          "2018-12-31": 11560.84,
          "2019-12-31": 8872.21
        },
        "Net Income (after Tax)": {
          "2011-12-31": 180.27,
          "2012-12-31": 1321.97,
          "2013-12-31": 2816.62,
          "2014-12-31": 2274.01,
          "2015-12-31": 211.86,
          "2016-12-31": 148.87,
          "2017-12-31": 529.3,
          "2018-12-31": 2420.11,
          "2019-12-31": 2623.67
        },
        "Total Current Assets (Pvt)": {
          "2011-12-31": 7305.84,
          "2012-12-31": 11710.5,
          "2013-12-31": 11712.82,
          "2014-12-31": 9819.47,
          "2015-12-31": 10746.38,
          "2016-12-31": 9308.03,
          "2017-12-31": 8701.37,
          "2018-12-31": 17273.13,
          "2019-12-31": 15587.97
        },
        "Revenue": {
          "2011-12-31": 30520.04,
          "2012-12-31": 47468.32,
          "2013-12-31": 57888.2,
          "2014-12-31": 50415.58,
          "2015-12-31": 55230.9,
          "2016-12-31": 69160.86,
          "2017-12-31": 15701.32,
          "2018-12-31": 79005.99,
          "2019-12-31": 74318.8
        }
      },
      "unit": "Thousands"
    }
  }
}